<record><leader>00000cas a2200000 a 4500</leader><controlfield tag="001">10549213</controlfield><controlfield tag="008">840322d17971803vtuwr ne      0    0eng c</controlfield><datafield ind1=" " ind2=" " tag="010"><subfield code="a">sn 84022716 </subfield></datafield><datafield ind1=" " ind2=" " tag="040"><subfield code="a">NPX</subfield><subfield code="b">eng</subfield><subfield code="c">NPX</subfield><subfield code="d">DLC</subfield><subfield code="d">CNK</subfield><subfield code="d">MGN</subfield><subfield code="d">NVN</subfield><subfield code="d">OCL</subfield><subfield code="d">NVN</subfield><subfield code="d">HLS</subfield><subfield code="d">NYS</subfield><subfield code="d">TGN</subfield><subfield code="d">OCLCG</subfield><subfield code="d">BUF</subfield><subfield code="d">DLC</subfield><subfield code="d">OCLCQ</subfield><subfield code="d">OCLCF</subfield></datafield><datafield ind1="1" ind2=" " tag="029"><subfield code="a">AU@</subfield><subfield code="b">000020129150</subfield></datafield><datafield ind1=" " ind2=" " tag="042"><subfield code="a">pcc</subfield></datafield><datafield ind1=" " ind2=" " tag="043"><subfield code="a">n-us-vt</subfield></datafield><datafield ind1="0" ind2="0" tag="050"><subfield code="a">Newspaper</subfield></datafield><datafield ind1="1" ind2="4" tag="050"><subfield code="a">AN321</subfield><subfield code="b">.F33</subfield></datafield><datafield ind1="0" ind2="0" tag="245"><subfield code="a">Federal galaxy.</subfield></datafield><datafield ind1="1" ind2="3" tag="246"><subfield code="a">Federal Vermont galaxy</subfield><subfield code="f">&lt;Aug. 23-Dec. 27, 1800&gt;</subfield></datafield><datafield ind1=" " ind2=" " tag="260"><subfield code="a">Brattleborough, Vt. :</subfield><subfield code="b">B. Smead, for Dickman and Smead,</subfield><subfield code="c">1797-</subfield></datafield><datafield ind1=" " ind2=" " tag="300"><subfield code="a">v. ;</subfield><subfield code="c">45 cm.</subfield></datafield><datafield ind1=" " ind2=" " tag="310"><subfield code="a">Weekly</subfield></datafield><datafield ind1="0" ind2=" " tag="362"><subfield code="a">Vol. 1, no. 1 (Jan. 6, 1797)-</subfield></datafield><datafield ind1="1" ind2=" " tag="362"><subfield code="a">Ceased in 1803?</subfield></datafield><datafield ind1=" " ind2=" " tag="500"><subfield code="a">"Vermont" appears in title ornament &lt;Sept. 6, 1800-Dec. 13, 1802&gt;.</subfield></datafield><datafield ind1=" " ind2=" " tag="500"><subfield code="a">Publisher: B. Smead, 1797-&lt;1803&gt;.</subfield></datafield><datafield ind1=" " ind2=" " tag="500"><subfield code="a">"Brattleboro's first newspaper." Cf. Hemenway, A. Vt. historical gazetteer, v. 5.</subfield></datafield><datafield ind1=" " ind2=" " tag="500"><subfield code="a">Motto: "God said, 'let there be light', and there was light."</subfield></datafield><datafield ind1=" " ind2=" " tag="530"><subfield code="a">Also issued on microfilm from Readex Microprint Corp. as part of the Early American newspapers series.</subfield></datafield><datafield ind1=" " ind2="0" tag="651"><subfield code="a">Brattleboro (Vt.)</subfield><subfield code="v">Newspapers.</subfield></datafield><datafield ind1=" " ind2="0" tag="651"><subfield code="a">Windham County (Vt.)</subfield><subfield code="v">Newspapers.</subfield></datafield><datafield ind1=" " ind2="7" tag="655"><subfield code="a">Newspapers.</subfield><subfield code="2">fast</subfield><subfield code="0">(OCoLC)fst01423814</subfield></datafield><datafield ind1=" " ind2="7" tag="651"><subfield code="a">Vermont</subfield><subfield code="z">Brattleboro.</subfield><subfield code="2">fast</subfield><subfield code="0">(OCoLC)fst01225010</subfield></datafield><datafield ind1=" " ind2="7" tag="651"><subfield code="a">Vermont</subfield><subfield code="z">Windham County.</subfield><subfield code="2">fast</subfield><subfield code="0">(OCoLC)fst01225039</subfield></datafield><datafield ind1="1" ind2=" " tag="700"><subfield code="a">Smead, Benjamin,</subfield><subfield code="d">1775-1858.</subfield></datafield><datafield ind1="1" ind2=" " tag="700"><subfield code="a">Dickman, Thomas,</subfield><subfield code="d">1764-1858.</subfield></datafield><datafield ind1=" " ind2=" " tag="752"><subfield code="a">United States</subfield><subfield code="b">Vermont</subfield><subfield code="c">Windham</subfield><subfield code="d">Brattleboro.</subfield></datafield></record>